%YAML 1.1
%TAG !u! tag:unity3d.com,2011:
--- !u!29 &1
OcclusionCullingSettings:
  m_ObjectHideFlags: 0
  serializedVersion: 2
  m_OcclusionBakeSettings:
    smallestOccluder: 5
    smallestHole: 0.25
    backfaceThreshold: 100
  m_SceneGUID: 00000000000000000000000000000000
  m_OcclusionCullingData: {fileID: 0}
--- !u!104 &2
RenderSettings:
  m_ObjectHideFlags: 0
  serializedVersion: 8
  m_Fog: 0
  m_FogColor: {r: 0.5, g: 0.5, b: 0.5, a: 1}
  m_FogMode: 3
  m_FogDensity: 0.01
  m_LinearFogStart: 0
  m_LinearFogEnd: 300
  m_AmbientSkyColor: {r: 0.212, g: 0.227, b: 0.259, a: 1}
  m_AmbientEquatorColor: {r: 0.114, g: 0.125, b: 0.133, a: 1}
  m_AmbientGroundColor: {r: 0.047, g: 0.043, b: 0.035, a: 1}
  m_AmbientIntensity: 1
  m_AmbientMode: 3
  m_SubtractiveShadowColor: {r: 0.42, g: 0.478, b: 0.627, a: 1}
  m_SkyboxMaterial: {fileID: 0}
  m_HaloStrength: 0.5
  m_FlareStrength: 1
  m_FlareFadeSpeed: 3
  m_HaloTexture: {fileID: 0}
  m_SpotCookie: {fileID: 10001, guid: 0000000000000000e000000000000000, type: 0}
  m_DefaultReflectionMode: 0
  m_DefaultReflectionResolution: 128
  m_ReflectionBounces: 1
  m_ReflectionIntensity: 1
  m_CustomReflection: {fileID: 0}
  m_Sun: {fileID: 0}
  m_IndirectSpecularColor: {r: 0, g: 0, b: 0, a: 1}
--- !u!157 &3
LightmapSettings:
  m_ObjectHideFlags: 0
  serializedVersion: 11
  m_GIWorkflowMode: 1
  m_GISettings:
    serializedVersion: 2
    m_BounceScale: 1
    m_IndirectOutputScale: 1
    m_AlbedoBoost: 1
    m_TemporalCoherenceThreshold: 1
    m_EnvironmentLightingMode: 0
    m_EnableBakedLightmaps: 0
    m_EnableRealtimeLightmaps: 0
  m_LightmapEditorSettings:
    serializedVersion: 9
    m_Resolution: 2
    m_BakeResolution: 40
    m_TextureWidth: 1024
    m_TextureHeight: 1024
    m_AO: 0
    m_AOMaxDistance: 1
    m_CompAOExponent: 1
    m_CompAOExponentDirect: 0
    m_Padding: 2
    m_LightmapParameters: {fileID: 0}
    m_LightmapsBakeMode: 1
    m_TextureCompression: 1
    m_FinalGather: 0
    m_FinalGatherFiltering: 1
    m_FinalGatherRayCount: 256
    m_ReflectionCompression: 2
    m_MixedBakeMode: 2
    m_BakeBackend: 0
    m_PVRSampling: 1
    m_PVRDirectSampleCount: 32
    m_PVRSampleCount: 500
    m_PVRBounces: 2
    m_PVRFilterTypeDirect: 0
    m_PVRFilterTypeIndirect: 0
    m_PVRFilterTypeAO: 0
    m_PVRFilteringMode: 1
    m_PVRCulling: 1
    m_PVRFilteringGaussRadiusDirect: 1
    m_PVRFilteringGaussRadiusIndirect: 5
    m_PVRFilteringGaussRadiusAO: 2
    m_PVRFilteringAtrousPositionSigmaDirect: 0.5
    m_PVRFilteringAtrousPositionSigmaIndirect: 2
    m_PVRFilteringAtrousPositionSigmaAO: 1
    m_ShowResolutionOverlay: 1
  m_LightingDataAsset: {fileID: 0}
  m_UseShadowmask: 1
--- !u!196 &4
NavMeshSettings:
  serializedVersion: 2
  m_ObjectHideFlags: 0
  m_BuildSettings:
    serializedVersion: 2
    agentTypeID: 0
    agentRadius: 0.5
    agentHeight: 2
    agentSlope: 45
    agentClimb: 0.4
    ledgeDropHeight: 0
    maxJumpAcrossDistance: 0
    minRegionArea: 2
    manualCellSize: 0
    cellSize: 0.16666667
    manualTileSize: 0
    tileSize: 256
    accuratePlacement: 0
    debug:
      m_Flags: 0
  m_NavMeshData: {fileID: 0}
--- !u!1 &232309005
GameObject:
  m_ObjectHideFlags: 0
  m_PrefabParentObject: {fileID: 1264742990340488, guid: 06642a08857c78149af71ee78f83f956,
    type: 2}
  m_PrefabInternal: {fileID: 0}
  serializedVersion: 5
  m_Component:
  - component: {fileID: 232309006}
  - component: {fileID: 232309007}
  - component: {fileID: 232309008}
  m_Layer: 5
  m_Name: ScoreController
  m_TagString: Untagged
  m_Icon: {fileID: 0}
  m_NavMeshLayer: 0
  m_StaticEditorFlags: 0
  m_IsActive: 1
--- !u!224 &232309006
RectTransform:
  m_ObjectHideFlags: 0
  m_PrefabParentObject: {fileID: 224258985560990460, guid: 06642a08857c78149af71ee78f83f956,
    type: 2}
  m_PrefabInternal: {fileID: 0}
  m_GameObject: {fileID: 232309005}
  m_LocalRotation: {x: -0, y: -0, z: -0, w: 1}
  m_LocalPosition: {x: 0, y: 0, z: 0}
  m_LocalScale: {x: 1, y: 1, z: 1}
  m_Children:
  - {fileID: 1129528035}
  - {fileID: 619415646}
  - {fileID: 1628360023}
  - {fileID: 580936984}
  - {fileID: 1433057249}
  m_Father: {fileID: 593573938}
  m_RootOrder: 0
  m_LocalEulerAnglesHint: {x: 0, y: 0, z: 0}
  m_AnchorMin: {x: 0.5, y: 1}
  m_AnchorMax: {x: 0.5, y: 1}
  m_AnchoredPosition: {x: 0, y: -111}
  m_SizeDelta: {x: 1243, y: 249.70001}
  m_Pivot: {x: 0.5, y: 0.5}
--- !u!114 &232309007
MonoBehaviour:
  m_ObjectHideFlags: 0
  m_PrefabParentObject: {fileID: 114039577139221956, guid: 06642a08857c78149af71ee78f83f956,
    type: 2}
  m_PrefabInternal: {fileID: 0}
  m_GameObject: {fileID: 232309005}
  m_Enabled: 1
  m_EditorHideFlags: 0
  m_Script: {fileID: -113659843, guid: f70555f144d8491a825f0804e09c671c, type: 3}
  m_Name: 
  m_EditorClassIdentifier: 
  m_Navigation:
    m_Mode: 3
    m_SelectOnUp: {fileID: 0}
    m_SelectOnDown: {fileID: 0}
    m_SelectOnLeft: {fileID: 0}
    m_SelectOnRight: {fileID: 0}
  m_Transition: 1
  m_Colors:
    m_NormalColor: {r: 1, g: 1, b: 1, a: 1}
    m_HighlightedColor: {r: 0.9607843, g: 0.9607843, b: 0.9607843, a: 1}
    m_PressedColor: {r: 0.78431374, g: 0.78431374, b: 0.78431374, a: 1}
    m_DisabledColor: {r: 0.78431374, g: 0.78431374, b: 0.78431374, a: 0.5019608}
    m_ColorMultiplier: 1
    m_FadeDuration: 0.1
  m_SpriteState:
    m_HighlightedSprite: {fileID: 0}
    m_PressedSprite: {fileID: 0}
    m_DisabledSprite: {fileID: 0}
  m_AnimationTriggers:
    m_NormalTrigger: Normal
    m_HighlightedTrigger: Highlighted
    m_PressedTrigger: Pressed
    m_DisabledTrigger: Disabled
  m_Interactable: 1
  m_TargetGraphic: {fileID: 580936985}
  m_FillRect: {fileID: 380268868}
  m_HandleRect: {fileID: 580936984}
  m_Direction: 1
  m_MinValue: 0
  m_MaxValue: 10
  m_WholeNumbers: 0
  m_Value: 10
  m_OnValueChanged:
    m_PersistentCalls:
      m_Calls: []
    m_TypeName: UnityEngine.UI.Slider+SliderEvent, UnityEngine.UI, Version=1.0.0.0,
      Culture=neutral, PublicKeyToken=null
--- !u!114 &232309008
MonoBehaviour:
  m_ObjectHideFlags: 0
  m_PrefabParentObject: {fileID: 0}
  m_PrefabInternal: {fileID: 0}
  m_GameObject: {fileID: 232309005}
  m_Enabled: 1
  m_EditorHideFlags: 0
  m_Script: {fileID: 11500000, guid: aa7ade7b62c4fb4458cbb176fb0789f4, type: 3}
  m_Name: 
  m_EditorClassIdentifier: 
  m_Slider: {fileID: 232309007}
  m_MaxScore: {fileID: 11400000, guid: bb1cf369017340246b803e5684470450, type: 2}
--- !u!1 &270447100
GameObject:
  m_ObjectHideFlags: 0
  m_PrefabParentObject: {fileID: 0}
  m_PrefabInternal: {fileID: 0}
  serializedVersion: 5
  m_Component:
  - component: {fileID: 270447102}
  - component: {fileID: 270447101}
  m_Layer: 0
  m_Name: BoardController
  m_TagString: Untagged
  m_Icon: {fileID: 0}
  m_NavMeshLayer: 0
  m_StaticEditorFlags: 0
  m_IsActive: 1
--- !u!114 &270447101
MonoBehaviour:
  m_ObjectHideFlags: 0
  m_PrefabParentObject: {fileID: 0}
  m_PrefabInternal: {fileID: 0}
  m_GameObject: {fileID: 270447100}
  m_Enabled: 1
  m_EditorHideFlags: 0
  m_Script: {fileID: 11500000, guid: 266d00e501ffafa47b6730755b33e2d6, type: 3}
  m_Name: 
  m_EditorClassIdentifier: 
  m_BoardTransform: {fileID: 270447102}
  m_HexIntervalValues: {fileID: 11400000, guid: ddf9e797c7f765941bad0aa2639898ba,
    type: 2}
  m_TileViewPrefab: {fileID: 1538131831901518, guid: 07685ece95178c1448e9f608657b06da,
    type: 2}
  m_Views: []
--- !u!4 &270447102
Transform:
  m_ObjectHideFlags: 0
  m_PrefabParentObject: {fileID: 0}
  m_PrefabInternal: {fileID: 0}
  m_GameObject: {fileID: 270447100}
  m_LocalRotation: {x: 0, y: 0, z: 0, w: 1}
  m_LocalPosition: {x: -4.66, y: -8, z: 0}
  m_LocalScale: {x: 1, y: 1, z: 1}
  m_Children: []
  m_Father: {fileID: 0}
  m_RootOrder: 0
  m_LocalEulerAnglesHint: {x: 0, y: 0, z: 0}
--- !u!1 &380268867
GameObject:
  m_ObjectHideFlags: 0
  m_PrefabParentObject: {fileID: 1389510936089682, guid: 06642a08857c78149af71ee78f83f956,
    type: 2}
  m_PrefabInternal: {fileID: 0}
  serializedVersion: 5
  m_Component:
  - component: {fileID: 380268868}
  - component: {fileID: 380268869}
  m_Layer: 5
  m_Name: texture_Blue
  m_TagString: Untagged
  m_Icon: {fileID: 0}
  m_NavMeshLayer: 0
  m_StaticEditorFlags: 0
  m_IsActive: 1
--- !u!224 &380268868
RectTransform:
  m_ObjectHideFlags: 0
  m_PrefabParentObject: {fileID: 224953328657476272, guid: 06642a08857c78149af71ee78f83f956,
    type: 2}
  m_PrefabInternal: {fileID: 0}
  m_GameObject: {fileID: 380268867}
  m_LocalRotation: {x: -0, y: -0, z: -0, w: 1}
  m_LocalPosition: {x: 0, y: 0, z: 0}
  m_LocalScale: {x: -1.000448, y: 1.000448, z: 1.000448}
  m_Children: []
  m_Father: {fileID: 1628360023}
  m_RootOrder: 1
  m_LocalEulerAnglesHint: {x: 0, y: 0, z: 0}
  m_AnchorMin: {x: 0, y: 0}
  m_AnchorMax: {x: 0, y: 0}
  m_AnchoredPosition: {x: -13.299988, y: -14.5}
  m_SizeDelta: {x: 42.6, y: 36.9}
  m_Pivot: {x: 0.5, y: 0.5}
--- !u!222 &380268869
CanvasRenderer:
  m_ObjectHideFlags: 0
  m_PrefabParentObject: {fileID: 222260964935200520, guid: 06642a08857c78149af71ee78f83f956,
    type: 2}
  m_PrefabInternal: {fileID: 0}
  m_GameObject: {fileID: 380268867}
--- !u!1 &580936983
GameObject:
  m_ObjectHideFlags: 0
  m_PrefabParentObject: {fileID: 1048475934885718, guid: 06642a08857c78149af71ee78f83f956,
    type: 2}
  m_PrefabInternal: {fileID: 0}
  serializedVersion: 5
  m_Component:
  - component: {fileID: 580936984}
  - component: {fileID: 580936986}
  - component: {fileID: 580936985}
  m_Layer: 5
  m_Name: Handle
  m_TagString: Untagged
  m_Icon: {fileID: 0}
  m_NavMeshLayer: 0
  m_StaticEditorFlags: 0
  m_IsActive: 1
--- !u!224 &580936984
RectTransform:
  m_ObjectHideFlags: 0
  m_PrefabParentObject: {fileID: 224214980130488644, guid: 06642a08857c78149af71ee78f83f956,
    type: 2}
  m_PrefabInternal: {fileID: 0}
  m_GameObject: {fileID: 580936983}
  m_LocalRotation: {x: -0, y: -0, z: -0, w: 1}
  m_LocalPosition: {x: 0, y: 0, z: 0}
  m_LocalScale: {x: 1, y: 1, z: 1}
  m_Children: []
  m_Father: {fileID: 232309006}
  m_RootOrder: 3
  m_LocalEulerAnglesHint: {x: 0, y: 0, z: 0}
  m_AnchorMin: {x: 0, y: 0}
  m_AnchorMax: {x: 0, y: 0}
  m_AnchoredPosition: {x: 0, y: -16.6}
  m_SizeDelta: {x: 107.5, y: -6}
  m_Pivot: {x: 0.5, y: 0.5}
--- !u!114 &580936985
MonoBehaviour:
  m_ObjectHideFlags: 0
  m_PrefabParentObject: {fileID: 114456311231412892, guid: 06642a08857c78149af71ee78f83f956,
    type: 2}
  m_PrefabInternal: {fileID: 0}
  m_GameObject: {fileID: 580936983}
  m_Enabled: 1
  m_EditorHideFlags: 0
  m_Script: {fileID: -765806418, guid: f70555f144d8491a825f0804e09c671c, type: 3}
  m_Name: 
  m_EditorClassIdentifier: 
  m_Material: {fileID: 0}
  m_Color: {r: 0, g: 0.54399997, b: 0.928, a: 1}
  m_RaycastTarget: 0
  m_OnCullStateChanged:
    m_PersistentCalls:
      m_Calls: []
    m_TypeName: UnityEngine.UI.MaskableGraphic+CullStateChangedEvent, UnityEngine.UI,
      Version=1.0.0.0, Culture=neutral, PublicKeyToken=null
  m_Sprite: {fileID: 21300000, guid: f3554ded53372b241b4c2863bef51b96, type: 3}
  m_Type: 0
  m_PreserveAspect: 1
  m_FillCenter: 1
  m_FillMethod: 4
  m_FillAmount: 1
  m_FillClockwise: 1
  m_FillOrigin: 0
--- !u!222 &580936986
CanvasRenderer:
  m_ObjectHideFlags: 0
  m_PrefabParentObject: {fileID: 222052920519608796, guid: 06642a08857c78149af71ee78f83f956,
    type: 2}
  m_PrefabInternal: {fileID: 0}
  m_GameObject: {fileID: 580936983}
--- !u!1 &593573935
GameObject:
  m_ObjectHideFlags: 0
  m_PrefabParentObject: {fileID: 1921518810483624, guid: 06642a08857c78149af71ee78f83f956,
    type: 2}
  m_PrefabInternal: {fileID: 0}
  serializedVersion: 5
  m_Component:
  - component: {fileID: 593573938}
  - component: {fileID: 593573937}
  - component: {fileID: 593573936}
  m_Layer: 0
  m_Name: CanvasScore
  m_TagString: Untagged
  m_Icon: {fileID: 0}
  m_NavMeshLayer: 0
  m_StaticEditorFlags: 0
  m_IsActive: 1
--- !u!114 &593573936
MonoBehaviour:
  m_ObjectHideFlags: 0
  m_PrefabParentObject: {fileID: 114547244420663992, guid: 06642a08857c78149af71ee78f83f956,
    type: 2}
  m_PrefabInternal: {fileID: 0}
  m_GameObject: {fileID: 593573935}
  m_Enabled: 1
  m_EditorHideFlags: 0
  m_Script: {fileID: 1980459831, guid: f70555f144d8491a825f0804e09c671c, type: 3}
  m_Name: 
  m_EditorClassIdentifier: 
  m_UiScaleMode: 1
  m_ReferencePixelsPerUnit: 100
  m_ScaleFactor: 1
  m_ReferenceResolution: {x: 2560, y: 1440}
  m_ScreenMatchMode: 0
  m_MatchWidthOrHeight: 0.5
  m_PhysicalUnit: 3
  m_FallbackScreenDPI: 96
  m_DefaultSpriteDPI: 96
  m_DynamicPixelsPerUnit: 1
--- !u!223 &593573937
Canvas:
  m_ObjectHideFlags: 0
  m_PrefabParentObject: {fileID: 223197725855116760, guid: 06642a08857c78149af71ee78f83f956,
    type: 2}
  m_PrefabInternal: {fileID: 0}
  m_GameObject: {fileID: 593573935}
  m_Enabled: 1
  serializedVersion: 3
  m_RenderMode: 1
  m_Camera: {fileID: 1306440196}
  m_PlaneDistance: 100
  m_PixelPerfect: 0
  m_ReceivesEvents: 1
  m_OverrideSorting: 0
  m_OverridePixelPerfect: 0
  m_SortingBucketNormalizedSize: 0
  m_AdditionalShaderChannelsFlag: 25
  m_SortingLayerID: 0
  m_SortingOrder: 0
  m_TargetDisplay: 0
--- !u!224 &593573938
RectTransform:
  m_ObjectHideFlags: 0
  m_PrefabParentObject: {fileID: 224686977577155426, guid: 06642a08857c78149af71ee78f83f956,
    type: 2}
  m_PrefabInternal: {fileID: 0}
  m_GameObject: {fileID: 593573935}
  m_LocalRotation: {x: 0, y: 0, z: 0, w: 1}
  m_LocalPosition: {x: 0, y: 0, z: 0}
  m_LocalScale: {x: 0, y: 0, z: 0}
  m_Children:
  - {fileID: 232309006}
  m_Father: {fileID: 0}
  m_RootOrder: 1
  m_LocalEulerAnglesHint: {x: 0, y: 0, z: 0}
  m_AnchorMin: {x: 0, y: 0}
  m_AnchorMax: {x: 0, y: 0}
  m_AnchoredPosition: {x: 0, y: 0}
  m_SizeDelta: {x: 0, y: 0}
  m_Pivot: {x: 0, y: 0}
--- !u!1 &619415645
GameObject:
  m_ObjectHideFlags: 0
  m_PrefabParentObject: {fileID: 1576337805589110, guid: 06642a08857c78149af71ee78f83f956,
    type: 2}
  m_PrefabInternal: {fileID: 0}
  serializedVersion: 5
  m_Component:
  - component: {fileID: 619415646}
  - component: {fileID: 619415648}
  - component: {fileID: 619415647}
  m_Layer: 5
  m_Name: Score (1)
  m_TagString: Untagged
  m_Icon: {fileID: 0}
  m_NavMeshLayer: 0
  m_StaticEditorFlags: 0
  m_IsActive: 1
--- !u!224 &619415646
RectTransform:
  m_ObjectHideFlags: 0
  m_PrefabParentObject: {fileID: 224175440794394870, guid: 06642a08857c78149af71ee78f83f956,
    type: 2}
  m_PrefabInternal: {fileID: 0}
  m_GameObject: {fileID: 619415645}
  m_LocalRotation: {x: -0, y: -0, z: -0, w: 1}
  m_LocalPosition: {x: 0, y: 0, z: 0}
  m_LocalScale: {x: 1.0001738, y: 1.0001738, z: 1.0001738}
  m_Children: []
  m_Father: {fileID: 232309006}
  m_RootOrder: 1
  m_LocalEulerAnglesHint: {x: 0, y: 0, z: 0}
  m_AnchorMin: {x: 0.5, y: 0.5}
  m_AnchorMax: {x: 0.5, y: 0.5}
  m_AnchoredPosition: {x: 0, y: 62}
  m_SizeDelta: {x: 200, y: 50}
  m_Pivot: {x: 0.5, y: 0.5}
--- !u!114 &619415647
MonoBehaviour:
  m_ObjectHideFlags: 0
  m_PrefabParentObject: {fileID: 114546543167887388, guid: 06642a08857c78149af71ee78f83f956,
    type: 2}
  m_PrefabInternal: {fileID: 0}
  m_GameObject: {fileID: 619415645}
  m_Enabled: 1
  m_EditorHideFlags: 0
  m_Script: {fileID: 1453722849, guid: 89f0137620f6af44b9ba852b4190e64e, type: 3}
  m_Name: 
  m_EditorClassIdentifier: 
  m_Material: {fileID: 0}
  m_Color: {r: 1, g: 1, b: 1, a: 1}
  m_RaycastTarget: 1
  m_OnCullStateChanged:
    m_PersistentCalls:
      m_Calls: []
    m_TypeName: UnityEngine.UI.MaskableGraphic+CullStateChangedEvent, UnityEngine.UI,
      Version=1.0.0.0, Culture=neutral, PublicKeyToken=null
  m_text: Score
  m_isRightToLeft: 0
  m_fontAsset: {fileID: 11400000, guid: b802842f01ce0aa4292a2395ab2272f4, type: 2}
  m_sharedMaterial: {fileID: 21817435741267842, guid: b802842f01ce0aa4292a2395ab2272f4,
    type: 2}
  m_fontSharedMaterials: []
  m_fontMaterial: {fileID: 0}
  m_fontMaterials: []
  m_fontColor32:
    serializedVersion: 2
    rgba: 4283663259
  m_fontColor: {r: 0.60784316, g: 0.5137255, b: 0.3254902, a: 1}
  m_enableVertexGradient: 0
  m_fontColorGradient:
    topLeft: {r: 1, g: 1, b: 1, a: 1}
    topRight: {r: 1, g: 1, b: 1, a: 1}
    bottomLeft: {r: 1, g: 1, b: 1, a: 1}
    bottomRight: {r: 1, g: 1, b: 1, a: 1}
  m_fontColorGradientPreset: {fileID: 0}
  m_spriteAsset: {fileID: 0}
  m_tintAllSprites: 0
  m_overrideHtmlColors: 0
  m_faceColor:
    serializedVersion: 2
    rgba: 4294967295
  m_outlineColor:
    serializedVersion: 2
    rgba: 4278190080
  m_fontSize: 58.5
  m_fontSizeBase: 36
  m_fontWeight: 400
  m_enableAutoSizing: 1
  m_fontSizeMin: 18
  m_fontSizeMax: 72
  m_fontStyle: 0
  m_textAlignment: 514
  m_isAlignmentEnumConverted: 1
  m_characterSpacing: 0
  m_wordSpacing: 0
  m_lineSpacing: 0
  m_lineSpacingMax: 0
  m_paragraphSpacing: 0
  m_charWidthMaxAdj: 0
  m_enableWordWrapping: 1
  m_wordWrappingRatios: 0.4
  m_overflowMode: 0
  m_firstOverflowCharacterIndex: -1
  m_linkedTextComponent: {fileID: 0}
  m_isLinkedTextComponent: 0
  m_enableKerning: 1
  m_enableExtraPadding: 0
  checkPaddingRequired: 0
  m_isRichText: 1
  m_parseCtrlCharacters: 1
  m_isOrthographic: 1
  m_isCullingEnabled: 0
  m_ignoreRectMaskCulling: 0
  m_ignoreCulling: 1
  m_horizontalMapping: 0
  m_verticalMapping: 0
  m_uvLineOffset: 0
  m_geometrySortingOrder: 0
  m_firstVisibleCharacter: 0
  m_useMaxVisibleDescender: 1
  m_pageToDisplay: 1
  m_margin: {x: 0, y: -8.535508, z: 0, w: 0}
  m_textInfo:
    textComponent: {fileID: 619415647}
    characterCount: 5
    spriteCount: 0
    spaceCount: 0
    wordCount: 1
    linkCount: 0
    lineCount: 1
    pageCount: 1
    materialCount: 1
  m_havePropertiesChanged: 0
  m_isUsingLegacyAnimationComponent: 0
  m_isVolumetricText: 0
  m_spriteAnimator: {fileID: 0}
  m_isInputParsingRequired: 0
  m_inputSource: 0
  m_hasFontAssetChanged: 0
  m_subTextObjects:
  - {fileID: 0}
  - {fileID: 0}
  - {fileID: 0}
  - {fileID: 0}
  - {fileID: 0}
  - {fileID: 0}
  - {fileID: 0}
  - {fileID: 0}
  m_baseMaterial: {fileID: 0}
  m_maskOffset: {x: 0, y: 0, z: 0, w: 0}
--- !u!222 &619415648
CanvasRenderer:
  m_ObjectHideFlags: 0
  m_PrefabParentObject: {fileID: 222770178325818702, guid: 06642a08857c78149af71ee78f83f956,
    type: 2}
  m_PrefabInternal: {fileID: 0}
  m_GameObject: {fileID: 619415645}
--- !u!1 &851818750
GameObject:
  m_ObjectHideFlags: 0
  m_PrefabParentObject: {fileID: 0}
  m_PrefabInternal: {fileID: 0}
  serializedVersion: 5
  m_Component:
  - component: {fileID: 851818752}
  - component: {fileID: 851818751}
  m_Layer: 0
  m_Name: InputHandlerController
  m_TagString: Untagged
  m_Icon: {fileID: 0}
  m_NavMeshLayer: 0
  m_StaticEditorFlags: 0
  m_IsActive: 1
--- !u!114 &851818751
MonoBehaviour:
  m_ObjectHideFlags: 0
  m_PrefabParentObject: {fileID: 0}
  m_PrefabInternal: {fileID: 0}
  m_GameObject: {fileID: 851818750}
  m_Enabled: 1
  m_EditorHideFlags: 0
  m_Script: {fileID: 11500000, guid: 825575fd23364e9428f0b6a574cd047e, type: 3}
  m_Name: 
  m_EditorClassIdentifier: 
  m_IsLocked: 0
  m_MainCamera: {fileID: 1306440196}
--- !u!4 &851818752
Transform:
  m_ObjectHideFlags: 0
  m_PrefabParentObject: {fileID: 0}
  m_PrefabInternal: {fileID: 0}
  m_GameObject: {fileID: 851818750}
  m_LocalRotation: {x: -0, y: -0, z: -0, w: 1}
  m_LocalPosition: {x: 13.129761, y: -8.506727, z: 9.407254}
  m_LocalScale: {x: 1, y: 1, z: 1}
  m_Children: []
  m_Father: {fileID: 1169836816}
  m_RootOrder: 0
  m_LocalEulerAnglesHint: {x: 0, y: 0, z: 0}
--- !u!1 &922956393
GameObject:
  m_ObjectHideFlags: 0
  m_PrefabParentObject: {fileID: 1467827393017674, guid: 06642a08857c78149af71ee78f83f956,
    type: 2}
  m_PrefabInternal: {fileID: 0}
  serializedVersion: 5
  m_Component:
  - component: {fileID: 922956394}
  - component: {fileID: 922956396}
  - component: {fileID: 922956395}
  m_Layer: 5
  m_Name: texture_YellowBoarder
  m_TagString: Untagged
  m_Icon: {fileID: 0}
  m_NavMeshLayer: 0
  m_StaticEditorFlags: 0
  m_IsActive: 1
--- !u!224 &922956394
RectTransform:
  m_ObjectHideFlags: 0
  m_PrefabParentObject: {fileID: 224438813869011004, guid: 06642a08857c78149af71ee78f83f956,
    type: 2}
  m_PrefabInternal: {fileID: 0}
  m_GameObject: {fileID: 922956393}
  m_LocalRotation: {x: -0, y: -0, z: -0, w: 1}
  m_LocalPosition: {x: 0, y: 0, z: 0}
  m_LocalScale: {x: -1.5, y: 1, z: 1}
  m_Children: []
  m_Father: {fileID: 1628360023}
  m_RootOrder: 2
  m_LocalEulerAnglesHint: {x: 0, y: 0, z: 0}
  m_AnchorMin: {x: 1, y: 0.5}
  m_AnchorMax: {x: 1, y: 0.5}
  m_AnchoredPosition: {x: -8, y: -13}
  m_SizeDelta: {x: 24.29, y: 163}
  m_Pivot: {x: 0.5, y: 0.5}
--- !u!114 &922956395
MonoBehaviour:
  m_ObjectHideFlags: 0
  m_PrefabParentObject: {fileID: 114275423212017318, guid: 06642a08857c78149af71ee78f83f956,
    type: 2}
  m_PrefabInternal: {fileID: 0}
  m_GameObject: {fileID: 922956393}
  m_Enabled: 1
  m_EditorHideFlags: 0
  m_Script: {fileID: -765806418, guid: f70555f144d8491a825f0804e09c671c, type: 3}
  m_Name: 
  m_EditorClassIdentifier: 
  m_Material: {fileID: 0}
  m_Color: {r: 1, g: 1, b: 1, a: 1}
  m_RaycastTarget: 0
  m_OnCullStateChanged:
    m_PersistentCalls:
      m_Calls: []
    m_TypeName: UnityEngine.UI.MaskableGraphic+CullStateChangedEvent, UnityEngine.UI,
      Version=1.0.0.0, Culture=neutral, PublicKeyToken=null
  m_Sprite: {fileID: 21300000, guid: 86a32ef95220119489b0d89f388f3360, type: 3}
  m_Type: 1
  m_PreserveAspect: 0
  m_FillCenter: 1
  m_FillMethod: 4
  m_FillAmount: 1
  m_FillClockwise: 1
  m_FillOrigin: 0
--- !u!222 &922956396
CanvasRenderer:
  m_ObjectHideFlags: 0
  m_PrefabParentObject: {fileID: 222377262670235358, guid: 06642a08857c78149af71ee78f83f956,
    type: 2}
  m_PrefabInternal: {fileID: 0}
  m_GameObject: {fileID: 922956393}
--- !u!1 &997582024
GameObject:
  m_ObjectHideFlags: 0
  m_PrefabParentObject: {fileID: 1722026438103268, guid: cd1468aac9817034a9b6711e82d27bc2,
    type: 2}
  m_PrefabInternal: {fileID: 0}
  serializedVersion: 5
  m_Component:
  - component: {fileID: 997582025}
  m_Layer: 0
  m_Name: Background
  m_TagString: Untagged
  m_Icon: {fileID: 0}
  m_NavMeshLayer: 0
  m_StaticEditorFlags: 0
  m_IsActive: 1
--- !u!4 &997582025
Transform:
  m_ObjectHideFlags: 0
  m_PrefabParentObject: {fileID: 4530537613043918, guid: cd1468aac9817034a9b6711e82d27bc2,
    type: 2}
  m_PrefabInternal: {fileID: 0}
  m_GameObject: {fileID: 997582024}
  m_LocalRotation: {x: -0, y: -0, z: 1, w: 0}
  m_LocalPosition: {x: 8.343992, y: -11.761528, z: 36.427254}
  m_LocalScale: {x: 17, y: 5, z: 1}
  m_Children:
  - {fileID: 1588710190}
  m_Father: {fileID: 1169836816}
  m_RootOrder: 2
  m_LocalEulerAnglesHint: {x: 0, y: 0, z: 0}
--- !u!1 &1129528034
GameObject:
  m_ObjectHideFlags: 0
  m_PrefabParentObject: {fileID: 1244979323363500, guid: 06642a08857c78149af71ee78f83f956,
    type: 2}
  m_PrefabInternal: {fileID: 0}
  serializedVersion: 5
  m_Component:
  - component: {fileID: 1129528035}
  - component: {fileID: 1129528037}
  - component: {fileID: 1129528036}
  m_Layer: 5
  m_Name: Background
  m_TagString: Untagged
  m_Icon: {fileID: 0}
  m_NavMeshLayer: 0
  m_StaticEditorFlags: 0
  m_IsActive: 1
--- !u!224 &1129528035
RectTransform:
  m_ObjectHideFlags: 0
  m_PrefabParentObject: {fileID: 224475209697826150, guid: 06642a08857c78149af71ee78f83f956,
    type: 2}
  m_PrefabInternal: {fileID: 0}
  m_GameObject: {fileID: 1129528034}
  m_LocalRotation: {x: 0, y: 0, z: 0, w: 1}
  m_LocalPosition: {x: 0, y: 0, z: 0}
  m_LocalScale: {x: 1, y: 1, z: 1}
  m_Children: []
  m_Father: {fileID: 232309006}
  m_RootOrder: 0
  m_LocalEulerAnglesHint: {x: 0, y: 0, z: 0}
  m_AnchorMin: {x: 0, y: 0.25}
  m_AnchorMax: {x: 1, y: 0.75}
  m_AnchoredPosition: {x: -23.6, y: -15.7}
  m_SizeDelta: {x: 8.1, y: 35}
  m_Pivot: {x: 0.5, y: 0.5}
--- !u!114 &1129528036
MonoBehaviour:
  m_ObjectHideFlags: 0
  m_PrefabParentObject: {fileID: 114837226866594334, guid: 06642a08857c78149af71ee78f83f956,
    type: 2}
  m_PrefabInternal: {fileID: 0}
  m_GameObject: {fileID: 1129528034}
  m_Enabled: 1
  m_EditorHideFlags: 0
  m_Script: {fileID: -765806418, guid: f70555f144d8491a825f0804e09c671c, type: 3}
  m_Name: 
  m_EditorClassIdentifier: 
  m_Material: {fileID: 0}
  m_Color: {r: 1, g: 1, b: 1, a: 1}
  m_RaycastTarget: 0
  m_OnCullStateChanged:
    m_PersistentCalls:
      m_Calls: []
    m_TypeName: UnityEngine.UI.MaskableGraphic+CullStateChangedEvent, UnityEngine.UI,
      Version=1.0.0.0, Culture=neutral, PublicKeyToken=null
  m_Sprite: {fileID: 21300000, guid: c6bac32522e0e454c855d94850103364, type: 3}
  m_Type: 1
  m_PreserveAspect: 0
  m_FillCenter: 1
  m_FillMethod: 4
  m_FillAmount: 1
  m_FillClockwise: 1
  m_FillOrigin: 0
--- !u!222 &1129528037
CanvasRenderer:
  m_ObjectHideFlags: 0
  m_PrefabParentObject: {fileID: 222694434187519226, guid: 06642a08857c78149af71ee78f83f956,
    type: 2}
  m_PrefabInternal: {fileID: 0}
  m_GameObject: {fileID: 1129528034}
--- !u!1 &1169836815
GameObject:
  m_ObjectHideFlags: 0
  m_PrefabParentObject: {fileID: 0}
  m_PrefabInternal: {fileID: 0}
  serializedVersion: 5
  m_Component:
  - component: {fileID: 1169836816}
  m_Layer: 0
  m_Name: Others
  m_TagString: Untagged
  m_Icon: {fileID: 0}
  m_NavMeshLayer: 0
  m_StaticEditorFlags: 0
  m_IsActive: 1
--- !u!4 &1169836816
Transform:
  m_ObjectHideFlags: 0
  m_PrefabParentObject: {fileID: 0}
  m_PrefabInternal: {fileID: 0}
  m_GameObject: {fileID: 1169836815}
  m_LocalRotation: {x: 0, y: 0, z: 0, w: 1}
  m_LocalPosition: {x: -7.4139924, y: 11.661528, z: -9.407254}
  m_LocalScale: {x: 1, y: 1, z: 1}
  m_Children:
  - {fileID: 851818752}
  - {fileID: 1306440197}
  - {fileID: 997582025}
  m_Father: {fileID: 0}
  m_RootOrder: 2
  m_LocalEulerAnglesHint: {x: 0, y: 0, z: 0}
--- !u!1 &1255514459
GameObject:
  m_ObjectHideFlags: 0
  m_PrefabParentObject: {fileID: 1926704373080186, guid: 06642a08857c78149af71ee78f83f956,
    type: 2}
  m_PrefabInternal: {fileID: 0}
  serializedVersion: 5
  m_Component:
  - component: {fileID: 1255514460}
  - component: {fileID: 1255514463}
  - component: {fileID: 1255514462}
  - component: {fileID: 1255514461}
  m_Layer: 5
  m_Name: texture_Yellow
  m_TagString: Untagged
  m_Icon: {fileID: 0}
  m_NavMeshLayer: 0
  m_StaticEditorFlags: 0
  m_IsActive: 1
--- !u!224 &1255514460
RectTransform:
  m_ObjectHideFlags: 0
  m_PrefabParentObject: {fileID: 224557212785362848, guid: 06642a08857c78149af71ee78f83f956,
    type: 2}
  m_PrefabInternal: {fileID: 0}
  m_GameObject: {fileID: 1255514459}
  m_LocalRotation: {x: -0, y: -0, z: -0, w: 1}
  m_LocalPosition: {x: 0, y: 0, z: 0}
  m_LocalScale: {x: 1, y: 1.000448, z: 1.000448}
  m_Children: []
  m_Father: {fileID: 1628360023}
  m_RootOrder: 0
  m_LocalEulerAnglesHint: {x: 0, y: 0, z: 0}
  m_AnchorMin: {x: 0.5, y: 0}
  m_AnchorMax: {x: 1, y: 1}
  m_AnchoredPosition: {x: 1.5186768, y: -16.823135}
  m_SizeDelta: {x: 13, y: 36.4}
  m_Pivot: {x: 0.5, y: 0.5}
--- !u!114 &1255514461
MonoBehaviour:
  m_ObjectHideFlags: 0
  m_PrefabParentObject: {fileID: 114130743972466964, guid: 06642a08857c78149af71ee78f83f956,
    type: 2}
  m_PrefabInternal: {fileID: 0}
  m_GameObject: {fileID: 1255514459}
  m_Enabled: 1
  m_EditorHideFlags: 0
  m_Script: {fileID: 11500000, guid: 47db6fc3ef45f1143afd052097acc518, type: 3}
  m_Name: 
  m_EditorClassIdentifier: 
  m_ScoreController: {fileID: 232309008}
  m_Fill: {fileID: 380268868}
  m_RectTransform: {fileID: 1255514460}
--- !u!114 &1255514462
MonoBehaviour:
  m_ObjectHideFlags: 0
  m_PrefabParentObject: {fileID: 114128962257437274, guid: 06642a08857c78149af71ee78f83f956,
    type: 2}
  m_PrefabInternal: {fileID: 0}
  m_GameObject: {fileID: 1255514459}
  m_Enabled: 1
  m_EditorHideFlags: 0
  m_Script: {fileID: -765806418, guid: f70555f144d8491a825f0804e09c671c, type: 3}
  m_Name: 
  m_EditorClassIdentifier: 
  m_Material: {fileID: 0}
  m_Color: {r: 1, g: 1, b: 1, a: 1}
  m_RaycastTarget: 0
  m_OnCullStateChanged:
    m_PersistentCalls:
      m_Calls: []
    m_TypeName: UnityEngine.UI.MaskableGraphic+CullStateChangedEvent, UnityEngine.UI,
      Version=1.0.0.0, Culture=neutral, PublicKeyToken=null
  m_Sprite: {fileID: 21300000, guid: 86a32ef95220119489b0d89f388f3360, type: 3}
  m_Type: 1
  m_PreserveAspect: 0
  m_FillCenter: 1
  m_FillMethod: 4
  m_FillAmount: 1
  m_FillClockwise: 1
  m_FillOrigin: 0
--- !u!222 &1255514463
CanvasRenderer:
  m_ObjectHideFlags: 0
  m_PrefabParentObject: {fileID: 222872512034506070, guid: 06642a08857c78149af71ee78f83f956,
    type: 2}
  m_PrefabInternal: {fileID: 0}
  m_GameObject: {fileID: 1255514459}
--- !u!1 &1306440193
GameObject:
  m_ObjectHideFlags: 0
  m_PrefabParentObject: {fileID: 0}
  m_PrefabInternal: {fileID: 0}
  serializedVersion: 5
  m_Component:
  - component: {fileID: 1306440197}
  - component: {fileID: 1306440196}
  - component: {fileID: 1306440195}
  - component: {fileID: 1306440194}
  m_Layer: 0
  m_Name: Main Camera
  m_TagString: MainCamera
  m_Icon: {fileID: 0}
  m_NavMeshLayer: 0
  m_StaticEditorFlags: 0
  m_IsActive: 1
--- !u!81 &1306440194
AudioListener:
  m_ObjectHideFlags: 0
  m_PrefabParentObject: {fileID: 0}
  m_PrefabInternal: {fileID: 0}
  m_GameObject: {fileID: 1306440193}
  m_Enabled: 1
--- !u!124 &1306440195
Behaviour:
  m_ObjectHideFlags: 0
  m_PrefabParentObject: {fileID: 0}
  m_PrefabInternal: {fileID: 0}
  m_GameObject: {fileID: 1306440193}
  m_Enabled: 1
--- !u!20 &1306440196
Camera:
  m_ObjectHideFlags: 0
  m_PrefabParentObject: {fileID: 0}
  m_PrefabInternal: {fileID: 0}
  m_GameObject: {fileID: 1306440193}
  m_Enabled: 1
  serializedVersion: 2
  m_ClearFlags: 1
  m_BackGroundColor: {r: 0.19215687, g: 0.3019608, b: 0.4745098, a: 0}
  m_NormalizedViewPortRect:
    serializedVersion: 2
    x: 0
    y: 0
    width: 1
    height: 1
  near clip plane: 0.3
  far clip plane: 1000
  field of view: 60
  orthographic: 1
  orthographic size: 8.5
  m_Depth: -1
  m_CullingMask:
    serializedVersion: 2
    m_Bits: 4294967295
  m_RenderingPath: -1
  m_TargetTexture: {fileID: 0}
  m_TargetDisplay: 0
  m_TargetEye: 3
  m_HDR: 1
  m_AllowMSAA: 1
  m_AllowDynamicResolution: 0
  m_ForceIntoRT: 0
  m_OcclusionCulling: 1
  m_StereoConvergence: 10
  m_StereoSeparation: 0.022
--- !u!4 &1306440197
Transform:
  m_ObjectHideFlags: 0
  m_PrefabParentObject: {fileID: 0}
  m_PrefabInternal: {fileID: 0}
  m_GameObject: {fileID: 1306440193}
  m_LocalRotation: {x: -0, y: -0, z: -0, w: 1}
  m_LocalPosition: {x: 8.613993, y: -15.961528, z: -0.5927458}
  m_LocalScale: {x: 1, y: 1, z: 1}
  m_Children: []
  m_Father: {fileID: 1169836816}
  m_RootOrder: 1
  m_LocalEulerAnglesHint: {x: 0, y: 0, z: 0}
--- !u!1 &1433057248
GameObject:
  m_ObjectHideFlags: 0
  m_PrefabParentObject: {fileID: 1323307655067884, guid: 06642a08857c78149af71ee78f83f956,
    type: 2}
  m_PrefabInternal: {fileID: 0}
  serializedVersion: 5
  m_Component:
  - component: {fileID: 1433057249}
  m_Layer: 5
  m_Name: Handle Slide Area
  m_TagString: Untagged
  m_Icon: {fileID: 0}
  m_NavMeshLayer: 0
  m_StaticEditorFlags: 0
  m_IsActive: 1
--- !u!224 &1433057249
RectTransform:
  m_ObjectHideFlags: 0
  m_PrefabParentObject: {fileID: 224688903277258278, guid: 06642a08857c78149af71ee78f83f956,
    type: 2}
  m_PrefabInternal: {fileID: 0}
  m_GameObject: {fileID: 1433057248}
  m_LocalRotation: {x: 0, y: 0, z: 0, w: 1}
  m_LocalPosition: {x: 0, y: 0, z: 0}
  m_LocalScale: {x: 1, y: 1, z: 1}
  m_Children: []
  m_Father: {fileID: 232309006}
  m_RootOrder: 4
  m_LocalEulerAnglesHint: {x: 0, y: 0, z: 0}
  m_AnchorMin: {x: 0, y: 0}
  m_AnchorMax: {x: 1, y: 1}
  m_AnchoredPosition: {x: -18.818, y: -18.711239}
  m_SizeDelta: {x: 17.685, y: -162.3}
  m_Pivot: {x: 0.5, y: 0.5}
--- !u!1 &1588710189
GameObject:
  m_ObjectHideFlags: 0
  m_PrefabParentObject: {fileID: 1990194083406686, guid: cd1468aac9817034a9b6711e82d27bc2,
    type: 2}
  m_PrefabInternal: {fileID: 0}
  serializedVersion: 5
  m_Component:
  - component: {fileID: 1588710190}
  - component: {fileID: 1588710191}
  m_Layer: 0
  m_Name: texture_Table
  m_TagString: Untagged
  m_Icon: {fileID: 0}
  m_NavMeshLayer: 0
  m_StaticEditorFlags: 0
  m_IsActive: 1
--- !u!4 &1588710190
Transform:
  m_ObjectHideFlags: 0
  m_PrefabParentObject: {fileID: 4191051177997996, guid: cd1468aac9817034a9b6711e82d27bc2,
    type: 2}
  m_PrefabInternal: {fileID: 0}
  m_GameObject: {fileID: 1588710189}
  m_LocalRotation: {x: -0, y: -0, z: -0, w: 1}
  m_LocalPosition: {x: 0, y: 0, z: 0}
  m_LocalScale: {x: 2.92, y: 1, z: 1}
  m_Children: []
  m_Father: {fileID: 997582025}
  m_RootOrder: 0
  m_LocalEulerAnglesHint: {x: 0, y: 0, z: 180}
--- !u!212 &1588710191
SpriteRenderer:
  m_ObjectHideFlags: 0
  m_PrefabParentObject: {fileID: 212591753190669374, guid: cd1468aac9817034a9b6711e82d27bc2,
    type: 2}
  m_PrefabInternal: {fileID: 0}
  m_GameObject: {fileID: 1588710189}
  m_Enabled: 1
  m_CastShadows: 0
  m_ReceiveShadows: 0
  m_DynamicOccludee: 1
  m_MotionVectors: 1
  m_LightProbeUsage: 1
  m_ReflectionProbeUsage: 1
  m_Materials:
  - {fileID: 10754, guid: 0000000000000000f000000000000000, type: 0}
  m_StaticBatchInfo:
    firstSubMesh: 0
    subMeshCount: 0
  m_StaticBatchRoot: {fileID: 0}
  m_ProbeAnchor: {fileID: 0}
  m_LightProbeVolumeOverride: {fileID: 0}
  m_ScaleInLightmap: 1
  m_PreserveUVs: 0
  m_IgnoreNormalsForChartDetection: 0
  m_ImportantGI: 0
  m_StitchLightmapSeams: 0
  m_SelectedEditorRenderState: 0
  m_MinimumChartSize: 4
  m_AutoUVMaxDistance: 0.5
  m_AutoUVMaxAngle: 89
  m_LightmapParameters: {fileID: 0}
  m_SortingLayerID: 0
  m_SortingLayer: 0
  m_SortingOrder: -5
  m_Sprite: {fileID: 21300000, guid: 8f517a76143de274382cf21707a124ce, type: 3}
  m_Color: {r: 1, g: 1, b: 1, a: 1}
  m_FlipX: 0
  m_FlipY: 0
  m_DrawMode: 0
  m_Size: {x: 136000, y: 820999.94}
  m_AdaptiveModeThreshold: 0.5
  m_SpriteTileMode: 0
  m_WasSpriteAssigned: 1
  m_MaskInteraction: 0
--- !u!1 &1628360022
GameObject:
  m_ObjectHideFlags: 0
  m_PrefabParentObject: {fileID: 1991501837175140, guid: 06642a08857c78149af71ee78f83f956,
    type: 2}
  m_PrefabInternal: {fileID: 0}
  serializedVersion: 5
  m_Component:
  - component: {fileID: 1628360023}
  m_Layer: 5
  m_Name: Fill Area
  m_TagString: Untagged
  m_Icon: {fileID: 0}
  m_NavMeshLayer: 0
  m_StaticEditorFlags: 0
  m_IsActive: 1
--- !u!224 &1628360023
RectTransform:
  m_ObjectHideFlags: 0
  m_PrefabParentObject: {fileID: 224320376541717092, guid: 06642a08857c78149af71ee78f83f956,
    type: 2}
  m_PrefabInternal: {fileID: 0}
  m_GameObject: {fileID: 1628360022}
  m_LocalRotation: {x: 0, y: 0, z: 0, w: 1}
  m_LocalPosition: {x: 0, y: 0, z: 0}
  m_LocalScale: {x: 1, y: 1, z: 1}
  m_Children:
  - {fileID: 1255514460}
  - {fileID: 380268868}
  - {fileID: 922956394}
  m_Father: {fileID: 232309006}
  m_RootOrder: 2
  m_LocalEulerAnglesHint: {x: 0, y: 0, z: 0}
  m_AnchorMin: {x: 0, y: 0.25}
  m_AnchorMax: {x: 1, y: 0.75}
  m_AnchoredPosition: {x: -2.5, y: 0}
  m_SizeDelta: {x: -5, y: 0}
  m_Pivot: {x: 0.5, y: 0.5}
--- !u!1 &1857600307
GameObject:
  m_ObjectHideFlags: 0
  m_PrefabParentObject: {fileID: 0}
  m_PrefabInternal: {fileID: 0}
  serializedVersion: 5
  m_Component:
  - component: {fileID: 1857600309}
  - component: {fileID: 1857600308}
  m_Layer: 0
  m_Name: Main
  m_TagString: Untagged
  m_Icon: {fileID: 0}
  m_NavMeshLayer: 0
  m_StaticEditorFlags: 0
  m_IsActive: 1
--- !u!114 &1857600308
MonoBehaviour:
  m_ObjectHideFlags: 0
  m_PrefabParentObject: {fileID: 0}
  m_PrefabInternal: {fileID: 0}
  m_GameObject: {fileID: 1857600307}
  m_Enabled: 1
  m_EditorHideFlags: 0
  m_Script: {fileID: 11500000, guid: aa58b4049e801424396cc751d0e39865, type: 3}
  m_Name: 
  m_EditorClassIdentifier: 
  TimeToStart: 1
  m_BoardController: {fileID: 270447101}
  m_ScoreController: {fileID: 232309008}
  m_BoardSizes:
  - {fileID: 11400000, guid: eaa0683b41632c44fa2844113d5e0903, type: 2}
  - {fileID: 11400000, guid: 4fde216abea949243ad9aec9bf167c3f, type: 2}
  - {fileID: 11400000, guid: 250a3b4d5630d45438e49d550974ead3, type: 2}
  m_IndexBoard: 0
  m_IntervalValues: {fileID: 11400000, guid: ddf9e797c7f765941bad0aa2639898ba, type: 2}
  m_MaxScore: {fileID: 11400000, guid: bb1cf369017340246b803e5684470450, type: 2}
  TimeUntilReplay: 2
--- !u!4 &1857600309
Transform:
  m_ObjectHideFlags: 0
  m_PrefabParentObject: {fileID: 0}
  m_PrefabInternal: {fileID: 0}
  m_GameObject: {fileID: 1857600307}
  m_LocalRotation: {x: 0, y: 0, z: 0, w: 1}
  m_LocalPosition: {x: 0, y: 0, z: 0}
  m_LocalScale: {x: 1, y: 1, z: 1}
  m_Children: []
  m_Father: {fileID: 0}
  m_RootOrder: 3
  m_LocalEulerAnglesHint: {x: 0, y: 0, z: 0}
